@inproceedings{AAAI17,
  author    = {Giuseppe De Giacomo and
               Fabrizio Maria Maggi and
               Andrea Marrella and
               Fabio Patrizi},
  title     = {On the Disruptive Effectiveness of Automated Planning for LTL\emph{f}-Based
               Trace Alignment},
  booktitle = {Proc.~of AAAI'17},
  year      = {2017},
}