@Book{sipser:book,
  author = "M. Sipser",
  title = "Introduction to Theory of Computation",
  edition = "2nd",
  year = "2006",
  address = "Boston, MA",
  publisher = "Thomson Course Technology",
}

@Article{segovia:jair2018,
  title = "Computing Hierarchical Finite State Controllers with Classical Planning",
  author = "J. Segovia-Aguas and S. Jim\'enez and A. Jonsson",
  journal = "JAIR",
  year = "2018",
  volume = "62",
  pages = "755--797"
}

@Article{rintanen:madagascar,
  author = "J. Rintanen",
  title = "Planning as Satisfiability: {H}euristics",
  pages = "45--86",
  volume = "193",
  year = "2012",
  journal = "Artificial Intelligence"
}

@InProceedings{hu:1d,
  title = "A correctness result for reasoning about one-dimensional planning problems",
  author = "Y. Hu and H. J. Levesque",
  booktitle  = "KR",
  year = "2010",
  pages = "362--371"
}


@InProceedings{McCa57,
  author = 	 {John McCarthy},
  title = 	 {Programs with common sense},
  booktitle = {Proceedings of the Teddington Conference on the Mechanization of Thought Processes},
  year = 	 1957,
  pages = 	 {756-791 }}

inproceedings{Gulwani16,
  author    = {Sumit Gulwani},
  title     = {Programming by Examples: Applications, Algorithms, and Ambiguity Resolution},
  booktitle = {{IJCAR}},
  nobooktitle = {Automated Reasoning - 8th International Joint Conference, {IJCAR}
               2016, Coimbra, Portugal, June 27 - July 2, 2016, Proceedings},
  pages     = {9--14},
  year      = {2016},
}

@incollection{Finkbeiner16,
  author    = {Bernd Finkbeiner},
  title     = {Synthesis of Reactive Systems},
  booktitle = {Dependable Software Systems Engineering},
  publisher = {{IOS} Press},
  pages     = {72--98},
  year      = {2016},
}


@article{EhlersLTV17,
  author    = {R{\"{u}}diger Ehlers and
               St{\'{e}}phane Lafortune and
               Stavros Tripakis and
               Moshe Y.\ Vardi},
  title     = {Supervisory control and reactive synthesis: a comparative introduction},
  journal   = {Discrete Event Dynamic Systems},
  volume    = {27},
  number    = {2},
  pages     = {209--260},
  year      = {2017},
}


@inproceedings{Levesque05,
  author    = {Hector J. Levesque},
  title     = {Planning with Loops},
  booktitle = {{IJCAI}},
  pages     = {509--515},
  publisher = {Professional Book Center},
  year      = {2005}
}

@article{Lin16,
  author    = {Fangzhen Lin},
  title     = {A formalization of programs in first-order logic with a discrete linear
               order},
  journal   = {Artif. Intell.},
  volume    = {235},
  pages     = {1--25},
  year      = {2016}
}

@article{Lin18,
  author    = {Fangzhen Lin},
  title     = {Machine Theorem Discovery},
  journal   = {{AI} Magazine},
  volume    = {39},
  number    = {2},
  pages     = {53--59},
  year      = {2018}
}

@article{CalvaneseGMP18,
  author    = {Diego Calvanese and
               Giuseppe {De Giacomo} and
               Marco Montali and
               Fabio Patrizi},
  title     = {First-order \emph{{\(\mu\)}}-calculus over generic transition systems
               and applications to the situation calculus},
  journal   = {Inf. Comput.},
  volume    = {259},
  number    = {3},
  pages     = {328--347},
  year      = {2018}
}


@inproceedings{GerstackerKF18,
  author    = {Carsten Gerstacker and
               Felix Klein and
               Bernd Finkbeiner},
  title     = {Bounded Synthesis of Reactive Programs},
  booktitle = {{ATVA}},
  noseries    = {Lecture Notes in Computer Science},
  novolume    = {11138},
  nopages     = {441--457},
  nopublisher = {Springer},
  year      = {2018}
}


@inproceedings{AbadiLW89,
  author    = {Mart{\'{\i}}n Abadi and
               Leslie Lamport and
               Pierre Wolper},
  title     = {Realizable and Unrealizable Specifications of Reactive Systems},
  booktitle = {{ICALP}},
  series    = {Lecture Notes in Computer Science},
  volume    = {372},
  pages     = {1--17},
  publisher = {Springer},
  year      = {1989}
}

@article{MannaW80,
  author    = {Zohar Manna and
               Richard J. Waldinger},
  title     = {A Deductive Approach to Program Synthesis},
  journal   = {{ACM} Trans. Program. Lang. Syst.},
  volume    = {2},
  number    = {1},
  pages     = {90--121},
  year      = {1980}
}

@inproceedings{WaldingerL69,
  author    = {Richard J. Waldinger and
               Richard C. T. Lee},
  title     = {{PROW:} {A} Step Toward Automatic Program Writing},
  booktitle = {{IJCAI}},
  pages     = {241--252},
  nopublisher = {William Kaufmann},
  year      = {1969}
}

@inproceedings{AminofGMR19,
  author    = {Benjamin Aminof and
               Giuseppe {De Giacomo} and
               Aniello Murano and
               Sasha Rubin},
  title     = {Planning under {LTL} Environment Specifications},
  booktitle = {{ICAPS}},
  pages     = {31--39},
  nopublisher = {{AAAI} Press},
  year      = {2019}
}


@inproceedings{DeGiacomoV15,
  author    = {Giuseppe {De Giacomo} and
               Moshe Y. Vardi},
  title     = {Synthesis for {LTL} and {LDL} on Finite Traces},
  booktitle = {{IJCAI}},
  pages     = {1558--1564},
  nopublisher = {{AAAI} Press},
  year      = 2015
}

@inproceedings{DeGiacomoV16,
  author    = {Giuseppe {De Giacomo} and
               Moshe Y. Vardi},
  title     = {LTL\({}_{\mbox{f}}\) and LDL\({}_{\mbox{f}}\) Synthesis under Partial
               Observability},
  booktitle = {{IJCAI}},
  pages     = {1044--1050},
  nopublisher = {{IJCAI/AAAI} Press},
  year      = {2016}
}


@inproceedings{CamachoBM19,
  author    = {Alberto Camacho and
               Meghyn Bienvenu and
               Sheila A. McIlraith},
  title     = {Towards a Unified View of {AI} Planning and Reactive Synthesis},
  booktitle = {{ICAPS}},
  pages     = {58--67},
  nopublisher = {{AAAI} Press},
  year      = {2019}
}

@article{AguasCJ19,
  author    = {Javier Segovia Aguas and
               Sergio Jim{\'{e}}nez Celorrio and
               Anders Jonsson},
  title     = {Computing programs for generalized planning using a classical planner},
  journal   = {Artif. Intell.},
  volume    = {272},
  pages     = {52--85},
  year      = {2019}
}

@inproceedings{Green69,
  author    = {C. Cordell Green},
  title     = {Application of Theorem Proving to Problem Solving},
  booktitle = {{IJCAI}},
  pages     = {219--240},
  nopublisher = {William Kaufmann},
  year      = {1969}
}

@inproceedings{BaierFBM08,
  author    = {Jorge A. Baier and
               Christian Fritz and
               Meghyn Bienvenu and
               Sheila A. McIlraith},
  title     = {Beyond Classical Planning: Procedural Control Knowledge and Preferences
               in State-of-the-Art Planners},
  booktitle = {{AAAI}},
  pages     = {1509--1512},
  nopublisher = {{AAAI} Press},
  year      = {2008}
}

@article{LevesqueRLLS97,
  author    = {Hector J. Levesque and
               Raymond Reiter and
               Yves Lesp{\'{e}}rance and
               Fangzhen Lin and
               Richard B. Scherl},
  title     = {{GOLOG:} {A} Logic Programming Language for Dynamic Domains},
  journal   = {J. Log. Program.},
  volume    = {31},
  number    = {1-3},
  pages     = {59--83},
  year      = {1997}
}

@article{DeGiacomoLL00,
  author    = {Giuseppe {De Giacomo} and
               Yves Lesp{\'{e}}rance and
               Hector J. Levesque},
  title     = {ConGolog, a concurrent programming language based on the situation
               calculus},
  journal   = {Artif. Intell.},
  volume    = {121},
  number    = {1-2},
  pages     = {109--169},
  year      = {2000}
}

@article{BacchusK00,
  author    = {Fahiem Bacchus and
               Froduald Kabanza},
  title     = {Using temporal logics to express search control knowledge for planning},
  journal   = {Artif. Intell.},
  volume    = {116},
  number    = {1-2},
  pages     = {123--191},
  year      = {2000}
}